transaction_id,date,description,amount_gbp,balance_gbp,counterparty,category,raw_category
bt_000188,2024-06-01,SWIFT XFER PORTO KNIT CO. EUR,-363584.04,36415.96,Porto Knit Co.,,SUPPLIER
bt_000189,2024-06-01,SWIFT XFER MILANO TRIMS SRL EUR,-14578.30,21837.66,Milano Trims SRL,,SUPPLIER
bt_000190,2024-06-01,SWIFT XFER IBERIA FOOTWEAR SA EUR,-36232.78,-14395.12,Iberia Footwear SA,,SUPPLIER
bt_000217,2024-06-01,SHOPIFY* SUB 46726,-79.00,-14474.12,Shopify,,SAAS
bt_000223,2024-06-01,STANDING ORDER STUDIO N1 LDN,-3200.00,-17674.12,Studio N1 Landlord,,RENT
bt_000201,2024-06-03,SWIFT XFER PORTO KNIT CO. EUR,-123790.00,-141464.12,Porto Knit Co.,,SUPPLIER
bt_000202,2024-06-03,SWIFT XFER MILANO TRIMS SRL EUR,-4817.65,-146281.77,Milano Trims SRL,,SUPPLIER
bt_000218,2024-06-03,INTERCOM INC SF CA 18606,-199.00,-146480.77,Intercom,,SAAS
bt_000219,2024-06-03,XERO LTD 86661,-42.00,-146522.77,Xero,,SAAS
bt_000220,2024-06-03,NOTION LABS INC 71577,-24.00,-146546.77,Notion Labs,,SAAS
bt_000221,2024-06-03,FIGMA INC 54956,-33.00,-146579.77,Figma,,SAAS
bt_000222,2024-06-03,MIXVIEW ANALYTICS LTD 40573,-349.00,-146928.77,Mixview Analytics,,SAAS
bt_000182,2024-06-04,SWIFT XFER IBERIA FOOTWEAR SA EUR,-33674.38,-180603.15,Iberia Footwear SA,,SUPPLIER
bt_000001,2024-06-05,SHOPIFY* 8031 PAYOUT REF#82901,28815.80,-151787.35,Shopify,,PAYOUT
bt_000216,2024-06-05,SQ *KLAVIYO INC 1178 DUB,-150.00,-151937.35,Klaviyo,,MARKETING
bt_000226,2024-06-06,PRET A MANGER,-7.32,-151944.67,Pret A Manger,,OTHER
bt_000002,2024-06-12,SHOPIFY* 8086 PAYOUT REF#82902,68988.32,-82956.35,Shopify,,PAYOUT
bt_000228,2024-06-16,AMAZON MARKETPLACE,-6.67,-82963.02,Amazon,,OTHER
bt_000003,2024-06-19,SHOPIFY* 7430 PAYOUT REF#82903,36987.93,-45975.09,Shopify,,PAYOUT
bt_000180,2024-06-19,SWIFT XFER MILANO TRIMS SRL EUR,-26276.33,-72251.42,Milano Trims SRL,,SUPPLIER
bt_000227,2024-06-22,AMAZON MARKETPLACE,-3.57,-72254.99,Amazon,,OTHER
bt_000215,2024-06-25,BACS PAYROLL 25JUN STAFF,-18057.92,-90312.91,Pretty Fly Payroll,,PAYROLL
bt_000004,2024-06-26,SHOPIFY* 8502 PAYOUT REF#82904,40587.92,-49724.99,Shopify,,PAYOUT
bt_000224,2024-06-28,HUB3PL LONDON N1 INVC4917,-6090.00,-55814.99,Hub3PL,,FULFILMENT
bt_000225,2024-06-28,ROYAL MAIL BUSINESS,-10440.00,-66254.99,Royal Mail,,SHIPPING
bt_000106,2024-06-30,SHOPIFY REFUND BATCH 881,-10763.81,-77018.80,Shopify,,REFUND
bt_000130,2024-06-30,GOOGLE*ADS4729 CC@GOOGLE.COM,-15089.46,-92108.26,Google,,MARKETING
bt_000154,2024-06-30,FB*ADS6007XK MENLO PARK,-15002.81,-107111.07,Meta,,MARKETING
bt_000231,2024-07-01,SHOPIFY* SUB 95840,-79.00,-107190.07,Shopify,,SAAS
bt_000237,2024-07-01,STANDING ORDER STUDIO N1 LDN,-3200.00,-110390.07,Studio N1 Landlord,,RENT
bt_000005,2024-07-03,SHOPIFY* 8413 PAYOUT REF#82905,34780.48,-75609.59,Shopify,,PAYOUT
bt_000232,2024-07-03,INTERCOM INC SF CA 89687,-199.00,-75808.59,Intercom,,SAAS
bt_000233,2024-07-03,XERO LTD 28949,-42.00,-75850.59,Xero,,SAAS
bt_000234,2024-07-03,NOTION LABS INC 82994,-24.00,-75874.59,Notion Labs,,SAAS
bt_000235,2024-07-03,FIGMA INC 24223,-33.00,-75907.59,Figma,,SAAS
bt_000236,2024-07-03,MIXVIEW ANALYTICS LTD 14741,-349.00,-76256.59,Mixview Analytics,,SAAS
bt_000178,2024-07-04,SWIFT XFER PORTO KNIT CO. EUR,-103374.47,-179631.06,Porto Knit Co.,,SUPPLIER
bt_000230,2024-07-05,SQ *KLAVIYO INC 5027 DUB,-158.33,-179789.39,Klaviyo,,MARKETING
bt_000553,2024-07-07,HMRC VAT PAYMENT Q2 2024,-27980.51,-207769.90,HMRC,,OTHER
bt_000240,2024-07-08,TESCO EXPRESS,-7.65,-207777.55,Tesco,,OTHER
bt_000006,2024-07-10,SHOPIFY* 5930 PAYOUT REF#82906,35002.39,-172775.16,Shopify,,PAYOUT
bt_000007,2024-07-17,SHOPIFY* 3182 PAYOUT REF#82907,33392.87,-139382.29,Shopify,,PAYOUT
bt_000008,2024-07-24,SHOPIFY* 9760 PAYOUT REF#82908,33474.27,-105908.02,Shopify,,PAYOUT
bt_000229,2024-07-25,BACS PAYROLL 25JUL STAFF,-18052.30,-123960.32,Pretty Fly Payroll,,PAYROLL
bt_000241,2024-07-26,PRET A MANGER,-10.96,-123971.28,Pret A Manger,,OTHER
bt_000238,2024-07-28,HUB3PL LONDON N1 INVC3755,-4515.00,-128486.28,Hub3PL,,FULFILMENT
bt_000239,2024-07-28,DHL EXPRESS IRL,-7740.00,-136226.28,DHL,,SHIPPING
bt_000009,2024-07-31,SHOPIFY* 8459 PAYOUT REF#82909,34536.23,-101690.05,Shopify,,PAYOUT
bt_000107,2024-07-31,SHOPIFY REFUND BATCH 882,-16170.11,-117860.16,Shopify,,REFUND
bt_000131,2024-07-31,GOOGLE*ADS6932 CC@GOOGLE.COM,-14407.27,-132267.43,Google,,MARKETING
bt_000155,2024-07-31,FB*ADS9844XK MENLO PARK,-14290.41,-146557.84,Meta,,MARKETING
bt_000244,2024-08-01,SHOPIFY* SUB 93946,-79.00,-146636.84,Shopify,,SAAS
bt_000250,2024-08-01,STANDING ORDER STUDIO N1 LDN,-3200.00,-149836.84,Studio N1 Landlord,,RENT
bt_000245,2024-08-03,INTERCOM INC SF CA 19745,-199.00,-150035.84,Intercom,,SAAS
bt_000246,2024-08-03,XERO LTD 22120,-42.00,-150077.84,Xero,,SAAS
bt_000247,2024-08-03,NOTION LABS INC 47256,-24.00,-150101.84,Notion Labs,,SAAS
bt_000248,2024-08-03,FIGMA INC 39873,-33.00,-150134.84,Figma,,SAAS
bt_000249,2024-08-03,MIXVIEW ANALYTICS LTD 94417,-349.00,-150483.84,Mixview Analytics,,SAAS
bt_000253,2024-08-03,TESCO EXPRESS,-4.57,-150488.41,Tesco,,OTHER
bt_000243,2024-08-05,SQ *KLAVIYO INC 6598 DUB,-166.66,-150655.07,Klaviyo,,MARKETING
bt_000010,2024-08-07,SHOPIFY* 3131 PAYOUT REF#82910,34176.96,-116478.11,Shopify,,PAYOUT
bt_000011,2024-08-14,SHOPIFY* 3507 PAYOUT REF#82911,36862.51,-79615.60,Shopify,,PAYOUT
bt_000255,2024-08-17,PRET A MANGER,-3.16,-79618.76,Pret A Manger,,OTHER
bt_000256,2024-08-17,PRET A MANGER,-4.10,-79622.86,Pret A Manger,,OTHER
bt_000012,2024-08-21,SHOPIFY* 6821 PAYOUT REF#82912,36638.38,-42984.48,Shopify,,PAYOUT
bt_000254,2024-08-23,TESCO EXPRESS,-7.36,-42991.84,Tesco,,OTHER
bt_000242,2024-08-25,BACS PAYROLL 25AUG STAFF,-17929.43,-60921.27,Pretty Fly Payroll,,PAYROLL
bt_000013,2024-08-28,SHOPIFY* 7040 PAYOUT REF#82913,37321.60,-23599.67,Shopify,,PAYOUT
bt_000251,2024-08-28,HUB3PL LONDON N1 INVC8494,-4826.50,-28426.17,Hub3PL,,FULFILMENT
bt_000252,2024-08-28,ROYAL MAIL BUSINESS,-8274.00,-36700.17,Royal Mail,,SHIPPING
bt_000108,2024-08-31,SHOPIFY REFUND BATCH 883,-14656.76,-51356.93,Shopify,,REFUND
bt_000132,2024-08-31,GOOGLE*ADS4770 CC@GOOGLE.COM,-15605.23,-66962.16,Google,,MARKETING
bt_000156,2024-08-31,FB*ADS4375XK MENLO PARK,-15318.12,-82280.28,Meta,,MARKETING
bt_000209,2024-09-01,SWIFT XFER MILANO TRIMS SRL EUR,-24582.50,-106862.78,Milano Trims SRL,,SUPPLIER
bt_000259,2024-09-01,SHOPIFY* SUB 19617,-79.00,-106941.78,Shopify,,SAAS
bt_000265,2024-09-01,STANDING ORDER STUDIO N1 LDN,-3200.00,-110141.78,Studio N1 Landlord,,RENT
bt_000179,2024-09-02,SWIFT XFER PORTO KNIT CO. EUR,-103374.46,-213516.24,Porto Knit Co.,,SUPPLIER
bt_000181,2024-09-02,SWIFT XFER MILANO TRIMS SRL EUR,-26276.32,-239792.56,Milano Trims SRL,,SUPPLIER
bt_000183,2024-09-02,SWIFT XFER IBERIA FOOTWEAR SA EUR,-33674.37,-273466.93,Iberia Footwear SA,,SUPPLIER
bt_000260,2024-09-03,INTERCOM INC SF CA 62692,-199.00,-273665.93,Intercom,,SAAS
bt_000261,2024-09-03,XERO LTD 68742,-42.00,-273707.93,Xero,,SAAS
bt_000262,2024-09-03,NOTION LABS INC 68867,-24.00,-273731.93,Notion Labs,,SAAS
bt_000263,2024-09-03,FIGMA INC 99499,-33.00,-273764.93,Figma,,SAAS
bt_000264,2024-09-03,MIXVIEW ANALYTICS LTD 70057,-349.00,-274113.93,Mixview Analytics,,SAAS
bt_000014,2024-09-04,SHOPIFY* 1585 PAYOUT REF#82914,36035.50,-238078.43,Shopify,,PAYOUT
bt_000258,2024-09-05,SQ *KLAVIYO INC 8397 DUB,-174.99,-238253.42,Klaviyo,,MARKETING
bt_000269,2024-09-08,PRET A MANGER,-3.75,-238257.17,Pret A Manger,,OTHER
bt_000015,2024-09-11,SHOPIFY* 9636 PAYOUT REF#82915,90372.27,-147884.90,Shopify,,PAYOUT
bt_000207,2024-09-16,SWIFT XFER PORTO KNIT CO. EUR,-71546.77,-219431.67,Porto Knit Co.,,SUPPLIER
bt_000016,2024-09-18,SHOPIFY* 5999 PAYOUT REF#82916,47528.52,-171903.15,Shopify,,PAYOUT
bt_000268,2024-09-19,PRET A MANGER,-7.98,-171911.13,Pret A Manger,,OTHER
bt_000017,2024-09-25,SHOPIFY* 1116 PAYOUT REF#82917,50719.90,-121191.23,Shopify,,PAYOUT
bt_000257,2024-09-25,BACS PAYROLL 25SEP STAFF,-17844.31,-139035.54,Pretty Fly Payroll,,PAYROLL
bt_000266,2024-09-28,HUB3PL LONDON N1 INVC7384,-7042.00,-146077.54,Hub3PL,,FULFILMENT
bt_000267,2024-09-28,DHL EXPRESS IRL,-12072.00,-158149.54,DHL,,SHIPPING
bt_000109,2024-09-30,SHOPIFY REFUND BATCH 884,-20201.43,-178350.97,Shopify,,REFUND
bt_000133,2024-09-30,GOOGLE*ADS5171 CC@GOOGLE.COM,-19069.90,-197420.87,Google,,MARKETING
bt_000157,2024-09-30,FB*ADS4380XK MENLO PARK,-18658.07,-216078.94,Meta,,MARKETING
bt_000272,2024-10-01,SHOPIFY* SUB 40927,-79.00,-216157.94,Shopify,,SAAS
bt_000278,2024-10-01,STANDING ORDER STUDIO N1 LDN,-3200.00,-219357.94,Studio N1 Landlord,,RENT
bt_000018,2024-10-02,SHOPIFY* 4620 PAYOUT REF#82918,54931.57,-164426.37,Shopify,,PAYOUT
bt_000273,2024-10-03,INTERCOM INC SF CA 77179,-199.00,-164625.37,Intercom,,SAAS
bt_000274,2024-10-03,XERO LTD 44741,-42.00,-164667.37,Xero,,SAAS
bt_000275,2024-10-03,NOTION LABS INC 89615,-24.00,-164691.37,Notion Labs,,SAAS
bt_000276,2024-10-03,FIGMA INC 14334,-33.00,-164724.37,Figma,,SAAS
bt_000277,2024-10-03,MIXVIEW ANALYTICS LTD 97904,-349.00,-165073.37,Mixview Analytics,,SAAS
bt_000271,2024-10-05,SQ *KLAVIYO INC 2713 DUB,-183.32,-165256.69,Klaviyo,,MARKETING
bt_000281,2024-10-05,AMAZON MARKETPLACE,-4.43,-165261.12,Amazon,,OTHER
bt_000554,2024-10-07,HMRC VAT PAYMENT Q3 2024,-75138.57,-240399.69,HMRC,,OTHER
bt_000019,2024-10-09,SHOPIFY* 6888 PAYOUT REF#82919,45269.27,-195130.42,Shopify,,PAYOUT
bt_000282,2024-10-13,TESCO EXPRESS,-7.56,-195137.98,Tesco,,OTHER
bt_000020,2024-10-16,SHOPIFY* 3393 PAYOUT REF#82920,47701.05,-147436.93,Shopify,,PAYOUT
bt_000021,2024-10-23,SHOPIFY* 7194 PAYOUT REF#82921,49891.16,-97545.77,Shopify,,PAYOUT
bt_000270,2024-10-25,BACS PAYROLL 25OCT STAFF,-17891.32,-115437.09,Pretty Fly Payroll,,PAYROLL
bt_000279,2024-10-28,HUB3PL LONDON N1 INVC3728,-5939.50,-121376.59,Hub3PL,,FULFILMENT
bt_000280,2024-10-28,DHL EXPRESS IRL,-10182.00,-131558.59,DHL,,SHIPPING
bt_000022,2024-10-30,SHOPIFY* 9879 PAYOUT REF#82922,47935.04,-83623.55,Shopify,,PAYOUT
bt_000110,2024-10-31,SHOPIFY REFUND BATCH 885,-23260.40,-106883.95,Shopify,,REFUND
bt_000134,2024-10-31,GOOGLE*ADS6687 CC@GOOGLE.COM,-19276.54,-126160.49,Google,,MARKETING
bt_000158,2024-10-31,FB*ADS8835XK MENLO PARK,-18850.48,-145010.97,Meta,,MARKETING
bt_000285,2024-11-01,SHOPIFY* SUB 32599,-79.00,-145089.97,Shopify,,SAAS
bt_000291,2024-11-01,STANDING ORDER STUDIO N1 LDN,-3200.00,-148289.97,Studio N1 Landlord,,RENT
bt_000295,2024-11-01,PRET A MANGER,-8.36,-148298.33,Pret A Manger,,OTHER
bt_000286,2024-11-03,INTERCOM INC SF CA 11145,-199.00,-148497.33,Intercom,,SAAS
bt_000287,2024-11-03,XERO LTD 13590,-42.00,-148539.33,Xero,,SAAS
bt_000288,2024-11-03,NOTION LABS INC 93922,-24.00,-148563.33,Notion Labs,,SAAS
bt_000289,2024-11-03,FIGMA INC 23181,-33.00,-148596.33,Figma,,SAAS
bt_000290,2024-11-03,MIXVIEW ANALYTICS LTD 86309,-349.00,-148945.33,Mixview Analytics,,SAAS
bt_000284,2024-11-05,SQ *KLAVIYO INC 4843 DUB,-191.65,-149136.98,Klaviyo,,MARKETING
bt_000023,2024-11-06,SHOPIFY* 6635 PAYOUT REF#82923,54604.37,-94532.61,Shopify,,PAYOUT
bt_000296,2024-11-09,AMAZON MARKETPLACE,-9.78,-94542.39,Amazon,,OTHER
bt_000024,2024-11-13,SHOPIFY* 4575 PAYOUT REF#82924,65144.49,-29397.90,Shopify,,PAYOUT
bt_000208,2024-11-15,SWIFT XFER PORTO KNIT CO. EUR,-71546.77,-100944.67,Porto Knit Co.,,SUPPLIER
bt_000210,2024-11-15,SWIFT XFER MILANO TRIMS SRL EUR,-24582.50,-125527.17,Milano Trims SRL,,SUPPLIER
bt_000294,2024-11-15,PRET A MANGER,-10.37,-125537.54,Pret A Manger,,OTHER
bt_000025,2024-11-20,SHOPIFY* 2650 PAYOUT REF#82925,95894.17,-29643.37,Shopify,,PAYOUT
bt_000283,2024-11-25,BACS PAYROLL 25NOV STAFF,-17839.61,-47482.98,Pretty Fly Payroll,,PAYROLL
bt_000195,2024-11-26,SWIFT XFER IBERIA FOOTWEAR SA EUR,-21212.80,-68695.78,Iberia Footwear SA,,SUPPLIER
bt_000026,2024-11-27,SHOPIFY* 3955 PAYOUT REF#82926,63203.64,-5492.14,Shopify,,PAYOUT
bt_000292,2024-11-28,HUB3PL LONDON N1 INVC3683,-11130.00,-16622.14,Hub3PL,,FULFILMENT
bt_000293,2024-11-28,ROYAL MAIL BUSINESS,-19080.00,-35702.14,Royal Mail,,SHIPPING
bt_000111,2024-11-30,SHOPIFY REFUND BATCH 886,-24518.45,-60220.59,Shopify,,REFUND
bt_000135,2024-11-30,GOOGLE*ADS6257 CC@GOOGLE.COM,-24213.42,-84434.01,Google,,MARKETING
bt_000159,2024-11-30,FB*ADS4595XK MENLO PARK,-23862.64,-108296.65,Meta,,MARKETING
bt_000299,2024-12-01,SHOPIFY* SUB 30770,-79.00,-108375.65,Shopify,,SAAS
bt_000305,2024-12-01,STANDING ORDER STUDIO N1 LDN,-3200.00,-111575.65,Studio N1 Landlord,,RENT
bt_000300,2024-12-03,INTERCOM INC SF CA 75828,-199.00,-111774.65,Intercom,,SAAS
bt_000301,2024-12-03,XERO LTD 35187,-42.00,-111816.65,Xero,,SAAS
bt_000302,2024-12-03,NOTION LABS INC 17512,-24.00,-111840.65,Notion Labs,,SAAS
bt_000303,2024-12-03,FIGMA INC 45714,-33.00,-111873.65,Figma,,SAAS
bt_000304,2024-12-03,MIXVIEW ANALYTICS LTD 50359,-349.00,-112222.65,Mixview Analytics,,SAAS
bt_000027,2024-12-04,SHOPIFY* 6940 PAYOUT REF#82927,155882.54,43659.89,Shopify,,PAYOUT
bt_000298,2024-12-05,SQ *KLAVIYO INC 5147 DUB,-199.98,43459.91,Klaviyo,,MARKETING
bt_000308,2024-12-06,AMAZON MARKETPLACE,-8.39,43451.52,Amazon,,OTHER
bt_000028,2024-12-11,SHOPIFY* 2126 PAYOUT REF#82928,58400.98,101852.50,Shopify,,PAYOUT
bt_000193,2024-12-11,SWIFT XFER MILANO TRIMS SRL EUR,-3101.09,98751.41,Milano Trims SRL,,SUPPLIER
bt_000309,2024-12-12,AMAZON MARKETPLACE,-10.05,98741.36,Amazon,,OTHER
bt_000029,2024-12-18,SHOPIFY* 9997 PAYOUT REF#82929,54968.34,153709.70,Shopify,,PAYOUT
bt_000310,2024-12-20,PRET A MANGER,-7.84,153701.86,Pret A Manger,,OTHER
bt_000311,2024-12-23,WORKSHOP COFFEE,-6.01,153695.85,Workshop Coffee,,OTHER
bt_000030,2024-12-25,SHOPIFY* 2003 PAYOUT REF#82930,57724.17,211420.02,Shopify,,PAYOUT
bt_000297,2024-12-25,BACS PAYROLL 25DEC STAFF,-17885.25,193534.77,Pretty Fly Payroll,,PAYROLL
bt_000191,2024-12-26,SWIFT XFER PORTO KNIT CO. EUR,-72021.81,121512.96,Porto Knit Co.,,SUPPLIER
bt_000306,2024-12-28,HUB3PL LONDON N1 INVC1230,-6783.00,114729.96,Hub3PL,,FULFILMENT
bt_000307,2024-12-28,ROYAL MAIL BUSINESS,-11628.00,103101.96,Royal Mail,,SHIPPING
bt_000112,2024-12-31,SHOPIFY REFUND BATCH 887,-40070.40,63031.56,Shopify,,REFUND
bt_000136,2024-12-31,GOOGLE*ADS5493 CC@GOOGLE.COM,-21845.42,41186.14,Google,,MARKETING
bt_000160,2024-12-31,FB*ADS4798XK MENLO PARK,-21210.65,19975.49,Meta,,MARKETING
bt_000031,2025-01-01,SHOPIFY* 3680 PAYOUT REF#82931,56592.64,76568.13,Shopify,,PAYOUT
bt_000314,2025-01-01,SHOPIFY* SUB 76501,-79.00,76489.13,Shopify,,SAAS
bt_000320,2025-01-01,STANDING ORDER STUDIO N1 LDN,-3200.00,73289.13,Studio N1 Landlord,,RENT
bt_000315,2025-01-03,INTERCOM INC SF CA 84374,-199.00,73090.13,Intercom,,SAAS
bt_000316,2025-01-03,XERO LTD 72590,-42.00,73048.13,Xero,,SAAS
bt_000317,2025-01-03,NOTION LABS INC 82006,-24.00,73024.13,Notion Labs,,SAAS
bt_000318,2025-01-03,FIGMA INC 99600,-33.00,72991.13,Figma,,SAAS
bt_000319,2025-01-03,MIXVIEW ANALYTICS LTD 28407,-349.00,72642.13,Mixview Analytics,,SAAS
bt_000324,2025-01-03,WORKSHOP COFFEE,-5.05,72637.08,Workshop Coffee,,OTHER
bt_000313,2025-01-05,SQ *KLAVIYO INC 8089 DUB,-208.31,72428.77,Klaviyo,,MARKETING
bt_000555,2025-01-07,HMRC VAT PAYMENT Q4 2024,-115239.80,-42811.03,HMRC,,OTHER
bt_000032,2025-01-08,SHOPIFY* 9860 PAYOUT REF#82932,97956.44,55145.41,Shopify,,PAYOUT
bt_000033,2025-01-15,SHOPIFY* 6003 PAYOUT REF#82933,62264.43,117409.84,Shopify,,PAYOUT
bt_000323,2025-01-19,AMAZON MARKETPLACE,-4.35,117405.49,Amazon,,OTHER
bt_000325,2025-01-21,AMAZON MARKETPLACE,-10.82,117394.67,Amazon,,OTHER
bt_000326,2025-01-21,TESCO EXPRESS,-7.67,117387.00,Tesco,,OTHER
bt_000034,2025-01-22,SHOPIFY* 6209 PAYOUT REF#82934,57118.67,174505.67,Shopify,,PAYOUT
bt_000312,2025-01-25,BACS PAYROLL 25JAN STAFF,-17900.43,156605.24,Pretty Fly Payroll,,PAYROLL
bt_000321,2025-01-28,HUB3PL LONDON N1 INVC8124,-7791.00,148814.24,Hub3PL,,FULFILMENT
bt_000322,2025-01-28,ROYAL MAIL BUSINESS,-13356.00,135458.24,Royal Mail,,SHIPPING
bt_000035,2025-01-29,SHOPIFY* 5062 PAYOUT REF#82935,50001.17,185459.41,Shopify,,PAYOUT
bt_000113,2025-01-31,SHOPIFY REFUND BATCH 888,-27198.07,158261.34,Shopify,,REFUND
bt_000137,2025-01-31,GOOGLE*ADS3218 CC@GOOGLE.COM,-21256.43,137004.91,Google,,MARKETING
bt_000161,2025-01-31,FB*ADS5966XK MENLO PARK,-20828.41,116176.50,Meta,,MARKETING
bt_000329,2025-02-01,SHOPIFY* SUB 97997,-79.00,116097.50,Shopify,,SAAS
bt_000335,2025-02-01,STANDING ORDER STUDIO N1 LDN,-3200.00,112897.50,Studio N1 Landlord,,RENT
bt_000330,2025-02-03,INTERCOM INC SF CA 34138,-199.00,112698.50,Intercom,,SAAS
bt_000331,2025-02-03,XERO LTD 99219,-42.00,112656.50,Xero,,SAAS
bt_000332,2025-02-03,NOTION LABS INC 65241,-24.00,112632.50,Notion Labs,,SAAS
bt_000333,2025-02-03,FIGMA INC 11465,-33.00,112599.50,Figma,,SAAS
bt_000334,2025-02-03,MIXVIEW ANALYTICS LTD 51281,-349.00,112250.50,Mixview Analytics,,SAAS
bt_000036,2025-02-05,SHOPIFY* 9027 PAYOUT REF#82936,49047.76,161298.26,Shopify,,PAYOUT
bt_000328,2025-02-05,SQ *KLAVIYO INC 9089 DUB,-216.64,161081.62,Klaviyo,,MARKETING
bt_000338,2025-02-05,AMAZON MARKETPLACE,-8.22,161073.40,Amazon,,OTHER
bt_000037,2025-02-12,SHOPIFY* 5831 PAYOUT REF#82937,43517.74,204591.14,Shopify,,PAYOUT
bt_000339,2025-02-15,TESCO EXPRESS,-4.97,204586.17,Tesco,,OTHER
bt_000038,2025-02-19,SHOPIFY* 1135 PAYOUT REF#82938,46840.35,251426.52,Shopify,,PAYOUT
bt_000341,2025-02-20,PRET A MANGER,-7.80,251418.72,Pret A Manger,,OTHER
bt_000192,2025-02-24,SWIFT XFER PORTO KNIT CO. EUR,-72021.81,179396.91,Porto Knit Co.,,SUPPLIER
bt_000194,2025-02-24,SWIFT XFER MILANO TRIMS SRL EUR,-3101.08,176295.83,Milano Trims SRL,,SUPPLIER
bt_000196,2025-02-24,SWIFT XFER IBERIA FOOTWEAR SA EUR,-21212.80,155083.03,Iberia Footwear SA,,SUPPLIER
bt_000327,2025-02-25,BACS PAYROLL 25FEB STAFF,-17936.11,137146.92,Pretty Fly Payroll,,PAYROLL
bt_000340,2025-02-25,TESCO EXPRESS,-11.36,137135.56,Tesco,,OTHER
bt_000039,2025-02-26,SHOPIFY* 8091 PAYOUT REF#82939,50563.79,187699.35,Shopify,,PAYOUT
bt_000114,2025-02-28,SHOPIFY REFUND BATCH 889,-18017.78,169681.57,Shopify,,REFUND
bt_000138,2025-02-28,GOOGLE*ADS3291 CC@GOOGLE.COM,-15957.31,153724.26,Google,,MARKETING
bt_000162,2025-02-28,FB*ADS5537XK MENLO PARK,-15385.94,138338.32,Meta,,MARKETING
bt_000336,2025-02-28,HUB3PL LONDON N1 INVC4269,-5876.50,132461.82,Hub3PL,,FULFILMENT
bt_000337,2025-02-28,ROYAL MAIL BUSINESS,-10074.00,122387.82,Royal Mail,,SHIPPING
bt_000344,2025-03-01,SHOPIFY* SUB 58592,-79.00,122308.82,Shopify,,SAAS
bt_000350,2025-03-01,STANDING ORDER STUDIO N1 LDN,-3200.00,119108.82,Studio N1 Landlord,,RENT
bt_000345,2025-03-03,INTERCOM INC SF CA 41484,-199.00,118909.82,Intercom,,SAAS
bt_000346,2025-03-03,XERO LTD 59220,-42.00,118867.82,Xero,,SAAS
bt_000347,2025-03-03,NOTION LABS INC 48605,-24.00,118843.82,Notion Labs,,SAAS
bt_000348,2025-03-03,FIGMA INC 11166,-33.00,118810.82,Figma,,SAAS
bt_000349,2025-03-03,MIXVIEW ANALYTICS LTD 42843,-349.00,118461.82,Mixview Analytics,,SAAS
bt_000205,2025-03-04,SWIFT XFER IBERIA FOOTWEAR SA EUR,-19668.09,98793.73,Iberia Footwear SA,,SUPPLIER
bt_000040,2025-03-05,SHOPIFY* 6396 PAYOUT REF#82940,84403.20,183196.93,Shopify,,PAYOUT
bt_000343,2025-03-05,SQ *KLAVIYO INC 1701 DUB,-224.97,182971.96,Klaviyo,,MARKETING
bt_000041,2025-03-12,SHOPIFY* 2072 PAYOUT REF#82941,57821.28,240793.24,Shopify,,PAYOUT
bt_000353,2025-03-16,TESCO EXPRESS,-3.63,240789.61,Tesco,,OTHER
bt_000042,2025-03-19,SHOPIFY* 4781 PAYOUT REF#82942,49271.74,290061.35,Shopify,,PAYOUT
bt_000342,2025-03-25,BACS PAYROLL 25MAR STAFF,-17904.11,272157.24,Pretty Fly Payroll,,PAYROLL
bt_000043,2025-03-26,SHOPIFY* 5935 PAYOUT REF#82943,50995.74,323152.98,Shopify,,PAYOUT
bt_000354,2025-03-26,TESCO EXPRESS,-9.03,323143.95,Tesco,,OTHER
bt_000351,2025-03-28,HUB3PL LONDON N1 INVC4700,-6471.50,316672.45,Hub3PL,,FULFILMENT
bt_000352,2025-03-28,DHL EXPRESS IRL,-11094.00,305578.45,DHL,,SHIPPING
bt_000115,2025-03-31,SHOPIFY REFUND BATCH 890,-26089.46,279488.99,Shopify,,REFUND
bt_000139,2025-03-31,GOOGLE*ADS7595 CC@GOOGLE.COM,-20883.66,258605.33,Google,,MARKETING
bt_000163,2025-03-31,FB*ADS6304XK MENLO PARK,-20437.81,238167.52,Meta,,MARKETING
bt_000357,2025-04-01,SHOPIFY* SUB 66246,-79.00,238088.52,Shopify,,SAAS
bt_000363,2025-04-01,STANDING ORDER STUDIO N1 LDN,-3200.00,234888.52,Studio N1 Landlord,,RENT
bt_000044,2025-04-02,SHOPIFY* 4363 PAYOUT REF#82944,55959.46,290847.98,Shopify,,PAYOUT
bt_000369,2025-04-02,TESCO EXPRESS,-8.72,290839.26,Tesco,,OTHER
bt_000203,2025-04-03,SWIFT XFER PORTO KNIT CO. EUR,-37676.55,253162.71,Porto Knit Co.,,SUPPLIER
bt_000358,2025-04-03,INTERCOM INC SF CA 37412,-199.00,252963.71,Intercom,,SAAS
bt_000359,2025-04-03,XERO LTD 59178,-42.00,252921.71,Xero,,SAAS
bt_000360,2025-04-03,NOTION LABS INC 26978,-24.00,252897.71,Notion Labs,,SAAS
bt_000361,2025-04-03,FIGMA INC 95414,-33.00,252864.71,Figma,,SAAS
bt_000362,2025-04-03,MIXVIEW ANALYTICS LTD 77502,-349.00,252515.71,Mixview Analytics,,SAAS
bt_000356,2025-04-05,SQ *KLAVIYO INC 3318 DUB,-233.30,252282.41,Klaviyo,,MARKETING
bt_000556,2025-04-07,HMRC VAT PAYMENT Q1 2025,-98531.06,153751.35,HMRC,,OTHER
bt_000045,2025-04-09,SHOPIFY* 9587 PAYOUT REF#82945,55087.15,208838.50,Shopify,,PAYOUT
bt_000046,2025-04-16,SHOPIFY* 7357 PAYOUT REF#82946,53519.62,262358.12,Shopify,,PAYOUT
bt_000368,2025-04-19,AMAZON MARKETPLACE,-4.70,262353.42,Amazon,,OTHER
bt_000047,2025-04-23,SHOPIFY* 3432 PAYOUT REF#82947,50768.04,313121.46,Shopify,,PAYOUT
bt_000366,2025-04-23,PRET A MANGER,-3.28,313118.18,Pret A Manger,,OTHER
bt_000355,2025-04-25,BACS PAYROLL 25APR STAFF,-17959.30,295158.88,Pretty Fly Payroll,,PAYROLL
bt_000367,2025-04-26,TESCO EXPRESS,-5.56,295153.32,Tesco,,OTHER
bt_000364,2025-04-28,HUB3PL LONDON N1 INVC1566,-6272.00,288881.32,Hub3PL,,FULFILMENT
bt_000365,2025-04-28,DHL EXPRESS IRL,-10752.00,278129.32,DHL,,SHIPPING
bt_000048,2025-04-30,SHOPIFY* 1552 PAYOUT REF#82948,53359.81,331489.13,Shopify,,PAYOUT
bt_000116,2025-04-30,SHOPIFY REFUND BATCH 891,-24054.13,307435.00,Shopify,,REFUND
bt_000140,2025-04-30,GOOGLE*ADS8713 CC@GOOGLE.COM,-20608.12,286826.88,Google,,MARKETING
bt_000164,2025-04-30,FB*ADS5339XK MENLO PARK,-20202.79,266624.09,Meta,,MARKETING
bt_000372,2025-05-01,SHOPIFY* SUB 78057,-79.00,266545.09,Shopify,,SAAS
bt_000378,2025-05-01,STANDING ORDER STUDIO N1 LDN,-3200.00,263345.09,Studio N1 Landlord,,RENT
bt_000373,2025-05-03,INTERCOM INC SF CA 82050,-199.00,263146.09,Intercom,,SAAS
bt_000374,2025-05-03,XERO LTD 23376,-42.00,263104.09,Xero,,SAAS
bt_000375,2025-05-03,NOTION LABS INC 39676,-24.00,263080.09,Notion Labs,,SAAS
bt_000376,2025-05-03,FIGMA INC 16878,-33.00,263047.09,Figma,,SAAS
bt_000377,2025-05-03,MIXVIEW ANALYTICS LTD 66801,-349.00,262698.09,Mixview Analytics,,SAAS
bt_000371,2025-05-05,SQ *KLAVIYO INC 9159 DUB,-241.63,262456.46,Klaviyo,,MARKETING
bt_000049,2025-05-07,SHOPIFY* 5881 PAYOUT REF#82949,49677.32,312133.78,Shopify,,PAYOUT
bt_000050,2025-05-14,SHOPIFY* 3122 PAYOUT REF#82950,48638.57,360772.35,Shopify,,PAYOUT
bt_000051,2025-05-21,SHOPIFY* 9270 PAYOUT REF#82951,48431.73,409204.08,Shopify,,PAYOUT
bt_000381,2025-05-24,PRET A MANGER,-6.60,409197.48,Pret A Manger,,OTHER
bt_000382,2025-05-24,PRET A MANGER,-11.55,409185.93,Pret A Manger,,OTHER
bt_000370,2025-05-25,BACS PAYROLL 25MAY STAFF,-18054.40,391131.53,Pretty Fly Payroll,,PAYROLL
bt_000052,2025-05-28,SHOPIFY* 3211 PAYOUT REF#82952,49358.11,440489.64,Shopify,,PAYOUT
bt_000379,2025-05-28,HUB3PL LONDON N1 INVC1548,-6160.00,434329.64,Hub3PL,,FULFILMENT
bt_000380,2025-05-28,ROYAL MAIL BUSINESS,-10560.00,423769.64,Royal Mail,,SHIPPING
bt_000117,2025-05-31,SHOPIFY REFUND BATCH 892,-24025.43,399744.21,Shopify,,REFUND
bt_000141,2025-05-31,GOOGLE*ADS5866 CC@GOOGLE.COM,-20373.07,379371.14,Google,,MARKETING
bt_000165,2025-05-31,FB*ADS1593XK MENLO PARK,-20227.62,359143.52,Meta,,MARKETING
bt_000385,2025-06-01,SHOPIFY* SUB 64451,-79.00,359064.52,Shopify,,SAAS
bt_000391,2025-06-01,STANDING ORDER STUDIO N1 LDN,-3200.00,355864.52,Studio N1 Landlord,,RENT
bt_000204,2025-06-02,SWIFT XFER PORTO KNIT CO. EUR,-37676.54,318187.98,Porto Knit Co.,,SUPPLIER
bt_000206,2025-06-02,SWIFT XFER IBERIA FOOTWEAR SA EUR,-19668.08,298519.90,Iberia Footwear SA,,SUPPLIER
bt_000386,2025-06-03,INTERCOM INC SF CA 44876,-199.00,298320.90,Intercom,,SAAS
bt_000387,2025-06-03,XERO LTD 43685,-42.00,298278.90,Xero,,SAAS
bt_000388,2025-06-03,NOTION LABS INC 20832,-24.00,298254.90,Notion Labs,,SAAS
bt_000389,2025-06-03,FIGMA INC 67843,-33.00,298221.90,Figma,,SAAS
bt_000390,2025-06-03,MIXVIEW ANALYTICS LTD 82577,-349.00,297872.90,Mixview Analytics,,SAAS
bt_000396,2025-06-03,TESCO EXPRESS,-9.29,297863.61,Tesco,,OTHER
bt_000397,2025-06-03,PRET A MANGER,-10.75,297852.86,Pret A Manger,,OTHER
bt_000053,2025-06-04,SHOPIFY* 7149 PAYOUT REF#82953,50226.42,348079.28,Shopify,,PAYOUT
bt_000394,2025-06-04,WORKSHOP COFFEE,-9.70,348069.58,Workshop Coffee,,OTHER
bt_000384,2025-06-05,SQ *KLAVIYO INC 8613 DUB,-249.96,347819.62,Klaviyo,,MARKETING
bt_000395,2025-06-10,TESCO EXPRESS,-4.42,347815.20,Tesco,,OTHER
bt_000054,2025-06-11,SHOPIFY* 5037 PAYOUT REF#82954,89223.39,437038.59,Shopify,,PAYOUT
bt_000055,2025-06-18,SHOPIFY* 2994 PAYOUT REF#82955,48964.45,486003.04,Shopify,,PAYOUT
bt_000186,2025-06-18,SWIFT XFER MILANO TRIMS SRL EUR,-15443.18,470559.86,Milano Trims SRL,,SUPPLIER
bt_000056,2025-06-25,SHOPIFY* 3984 PAYOUT REF#82956,50771.65,521331.51,Shopify,,PAYOUT
bt_000383,2025-06-25,BACS PAYROLL 25JUN STAFF,-19096.69,502234.82,Pretty Fly Payroll,,PAYROLL
bt_000392,2025-06-28,HUB3PL LONDON N1 INVC1852,-6940.50,495294.32,Hub3PL,,FULFILMENT
bt_000393,2025-06-28,DHL EXPRESS IRL,-11898.00,483396.32,DHL,,SHIPPING
bt_000118,2025-06-30,SHOPIFY REFUND BATCH 893,-23292.28,460104.04,Shopify,,REFUND
bt_000142,2025-06-30,GOOGLE*ADS5607 CC@GOOGLE.COM,-19051.02,441053.02,Google,,MARKETING
bt_000166,2025-06-30,FB*ADS8821XK MENLO PARK,-18858.31,422194.71,Meta,,MARKETING
bt_000400,2025-07-01,SHOPIFY* SUB 47198,-79.00,422115.71,Shopify,,SAAS
bt_000406,2025-07-01,STANDING ORDER STUDIO N1 LDN,-3200.00,418915.71,Studio N1 Landlord,,RENT
bt_000057,2025-07-02,SHOPIFY* 5160 PAYOUT REF#82957,53872.90,472788.61,Shopify,,PAYOUT
bt_000184,2025-07-03,SWIFT XFER PORTO KNIT CO. EUR,-44777.16,428011.45,Porto Knit Co.,,SUPPLIER
bt_000401,2025-07-03,INTERCOM INC SF CA 89355,-199.00,427812.45,Intercom,,SAAS
bt_000402,2025-07-03,XERO LTD 59327,-42.00,427770.45,Xero,,SAAS
bt_000403,2025-07-03,NOTION LABS INC 25727,-24.00,427746.45,Notion Labs,,SAAS
bt_000404,2025-07-03,FIGMA INC 90370,-33.00,427713.45,Figma,,SAAS
bt_000405,2025-07-03,MIXVIEW ANALYTICS LTD 64141,-349.00,427364.45,Mixview Analytics,,SAAS
bt_000410,2025-07-03,AMAZON MARKETPLACE,-6.62,427357.83,Amazon,,OTHER
bt_000399,2025-07-05,SQ *KLAVIYO INC 7299 DUB,-258.29,427099.54,Klaviyo,,MARKETING
bt_000557,2025-07-07,HMRC VAT PAYMENT Q2 2025,-91355.98,335743.56,HMRC,,OTHER
bt_000058,2025-07-09,SHOPIFY* 7944 PAYOUT REF#82958,49188.16,384931.72,Shopify,,PAYOUT
bt_000409,2025-07-09,PRET A MANGER,-7.76,384923.96,Pret A Manger,,OTHER
bt_000059,2025-07-16,SHOPIFY* 2419 PAYOUT REF#82959,46368.46,431292.42,Shopify,,PAYOUT
bt_000060,2025-07-23,SHOPIFY* 5257 PAYOUT REF#82960,47534.66,478827.08,Shopify,,PAYOUT
bt_000398,2025-07-25,BACS PAYROLL 25JUL STAFF,-19025.73,459801.35,Pretty Fly Payroll,,PAYROLL
bt_000407,2025-07-28,HUB3PL LONDON N1 INVC2125,-5579.00,454222.35,Hub3PL,,FULFILMENT
bt_000408,2025-07-28,ROYAL MAIL BUSINESS,-9564.00,444658.35,Royal Mail,,SHIPPING
bt_000061,2025-07-30,SHOPIFY* 6263 PAYOUT REF#82961,46431.39,491089.74,Shopify,,PAYOUT
bt_000119,2025-07-31,SHOPIFY REFUND BATCH 894,-21139.44,469950.30,Shopify,,REFUND
bt_000143,2025-07-31,GOOGLE*ADS7198 CC@GOOGLE.COM,-17917.65,452032.65,Google,,MARKETING
bt_000167,2025-07-31,FB*ADS4308XK MENLO PARK,-17601.33,434431.32,Meta,,MARKETING
bt_000413,2025-08-01,SHOPIFY* SUB 57794,-79.00,434352.32,Shopify,,SAAS
bt_000419,2025-08-01,STANDING ORDER STUDIO N1 LDN,-3200.00,431152.32,Studio N1 Landlord,,RENT
bt_000414,2025-08-03,INTERCOM INC SF CA 69909,-199.00,430953.32,Intercom,,SAAS
bt_000415,2025-08-03,XERO LTD 81180,-42.00,430911.32,Xero,,SAAS
bt_000416,2025-08-03,NOTION LABS INC 92513,-24.00,430887.32,Notion Labs,,SAAS
bt_000417,2025-08-03,FIGMA INC 76839,-33.00,430854.32,Figma,,SAAS
bt_000418,2025-08-03,MIXVIEW ANALYTICS LTD 23943,-349.00,430505.32,Mixview Analytics,,SAAS
bt_000423,2025-08-04,TESCO EXPRESS,-11.46,430493.86,Tesco,,OTHER
bt_000412,2025-08-05,SQ *KLAVIYO INC 2821 DUB,-266.62,430227.24,Klaviyo,,MARKETING
bt_000062,2025-08-06,SHOPIFY* 8022 PAYOUT REF#82962,46218.35,476445.59,Shopify,,PAYOUT
bt_000424,2025-08-11,TESCO EXPRESS,-8.42,476437.17,Tesco,,OTHER
bt_000063,2025-08-13,SHOPIFY* 5468 PAYOUT REF#82963,48174.24,524611.41,Shopify,,PAYOUT
bt_000422,2025-08-14,TESCO EXPRESS,-4.08,524607.33,Tesco,,OTHER
bt_000064,2025-08-20,SHOPIFY* 2123 PAYOUT REF#82964,48885.82,573493.15,Shopify,,PAYOUT
bt_000411,2025-08-25,BACS PAYROLL 25AUG STAFF,-19166.20,554326.95,Pretty Fly Payroll,,PAYROLL
bt_000065,2025-08-27,SHOPIFY* 5158 PAYOUT REF#82965,47992.49,602319.44,Shopify,,PAYOUT
bt_000425,2025-08-27,TESCO EXPRESS,-8.81,602310.63,Tesco,,OTHER
bt_000420,2025-08-28,HUB3PL LONDON N1 INVC3013,-5943.00,596367.63,Hub3PL,,FULFILMENT
bt_000421,2025-08-28,ROYAL MAIL BUSINESS,-10188.00,586179.63,Royal Mail,,SHIPPING
bt_000120,2025-08-31,SHOPIFY REFUND BATCH 895,-18408.94,567770.69,Shopify,,REFUND
bt_000144,2025-08-31,GOOGLE*ADS3039 CC@GOOGLE.COM,-19029.96,548740.73,Google,,MARKETING
bt_000168,2025-08-31,FB*ADS4939XK MENLO PARK,-18792.29,529948.44,Meta,,MARKETING
bt_000185,2025-09-01,SWIFT XFER PORTO KNIT CO. EUR,-44777.16,485171.28,Porto Knit Co.,,SUPPLIER
bt_000187,2025-09-01,SWIFT XFER MILANO TRIMS SRL EUR,-15443.17,469728.11,Milano Trims SRL,,SUPPLIER
bt_000428,2025-09-01,SHOPIFY* SUB 23144,-79.00,469649.11,Shopify,,SAAS
bt_000434,2025-09-01,STANDING ORDER STUDIO N1 LDN,-3200.00,466449.11,Studio N1 Landlord,,RENT
bt_000438,2025-09-02,WORKSHOP COFFEE,-7.07,466442.04,Workshop Coffee,,OTHER
bt_000066,2025-09-03,SHOPIFY* 6208 PAYOUT REF#82966,50914.86,517356.90,Shopify,,PAYOUT
bt_000429,2025-09-03,INTERCOM INC SF CA 20873,-199.00,517157.90,Intercom,,SAAS
bt_000430,2025-09-03,XERO LTD 25336,-42.00,517115.90,Xero,,SAAS
bt_000431,2025-09-03,NOTION LABS INC 96969,-24.00,517091.90,Notion Labs,,SAAS
bt_000432,2025-09-03,FIGMA INC 47992,-33.00,517058.90,Figma,,SAAS
bt_000433,2025-09-03,MIXVIEW ANALYTICS LTD 60644,-349.00,516709.90,Mixview Analytics,,SAAS
bt_000427,2025-09-05,SQ *KLAVIYO INC 6697 DUB,-274.95,516434.95,Klaviyo,,MARKETING
bt_000067,2025-09-10,SHOPIFY* 3240 PAYOUT REF#82967,109574.83,626009.78,Shopify,,PAYOUT
bt_000068,2025-09-17,SHOPIFY* 7360 PAYOUT REF#82968,61523.30,687533.08,Shopify,,PAYOUT
bt_000213,2025-09-17,SWIFT XFER MILANO TRIMS SRL EUR,-9025.00,678508.08,Milano Trims SRL,,SUPPLIER
bt_000069,2025-09-24,SHOPIFY* 7282 PAYOUT REF#82969,67272.52,745780.60,Shopify,,PAYOUT
bt_000437,2025-09-24,AMAZON MARKETPLACE,-9.89,745770.71,Amazon,,OTHER
bt_000426,2025-09-25,BACS PAYROLL 25SEP STAFF,-19171.12,726599.59,Pretty Fly Payroll,,PAYROLL
bt_000435,2025-09-28,HUB3PL LONDON N1 INVC1043,-8428.00,718171.59,Hub3PL,,FULFILMENT
bt_000436,2025-09-28,DHL EXPRESS IRL,-14448.00,703723.59,DHL,,SHIPPING
bt_000121,2025-09-30,SHOPIFY REFUND BATCH 896,-26247.60,677475.99,Shopify,,REFUND
bt_000145,2025-09-30,GOOGLE*ADS7211 CC@GOOGLE.COM,-23406.14,654069.85,Google,,MARKETING
bt_000169,2025-09-30,FB*ADS4545XK MENLO PARK,-23039.39,631030.46,Meta,,MARKETING
bt_000070,2025-10-01,SHOPIFY* 7151 PAYOUT REF#82970,67259.43,698289.89,Shopify,,PAYOUT
bt_000441,2025-10-01,SHOPIFY* SUB 26994,-79.00,698210.89,Shopify,,SAAS
bt_000447,2025-10-01,STANDING ORDER STUDIO N1 LDN,-3200.00,695010.89,Studio N1 Landlord,,RENT
bt_000450,2025-10-01,AMAZON MARKETPLACE,-4.84,695006.05,Amazon,,OTHER
bt_000211,2025-10-02,SWIFT XFER PORTO KNIT CO. EUR,-57167.57,637838.48,Porto Knit Co.,,SUPPLIER
bt_000451,2025-10-02,TESCO EXPRESS,-9.63,637828.85,Tesco,,OTHER
bt_000442,2025-10-03,INTERCOM INC SF CA 93103,-199.00,637629.85,Intercom,,SAAS
bt_000443,2025-10-03,XERO LTD 92059,-42.00,637587.85,Xero,,SAAS
bt_000444,2025-10-03,NOTION LABS INC 56815,-24.00,637563.85,Notion Labs,,SAAS
bt_000445,2025-10-03,FIGMA INC 13378,-33.00,637530.85,Figma,,SAAS
bt_000446,2025-10-03,MIXVIEW ANALYTICS LTD 72877,-349.00,637181.85,Mixview Analytics,,SAAS
bt_000440,2025-10-05,SQ *KLAVIYO INC 2692 DUB,-283.28,636898.57,Klaviyo,,MARKETING
bt_000453,2025-10-05,AMAZON MARKETPLACE,-11.05,636887.52,Amazon,,OTHER
bt_000558,2025-10-07,HMRC VAT PAYMENT Q3 2025,-100633.14,536254.38,HMRC,,OTHER
bt_000071,2025-10-08,SHOPIFY* 3762 PAYOUT REF#82971,61216.69,597471.07,Shopify,,PAYOUT
bt_000072,2025-10-15,SHOPIFY* 1330 PAYOUT REF#82972,56754.71,654225.78,Shopify,,PAYOUT
bt_000452,2025-10-17,WORKSHOP COFFEE,-8.37,654217.41,Workshop Coffee,,OTHER
bt_000073,2025-10-22,SHOPIFY* 7098 PAYOUT REF#82973,61321.05,715538.46,Shopify,,PAYOUT
bt_000439,2025-10-25,BACS PAYROLL 25OCT STAFF,-19184.17,696354.29,Pretty Fly Payroll,,PAYROLL
bt_000448,2025-10-28,HUB3PL LONDON N1 INVC7525,-7332.50,689021.79,Hub3PL,,FULFILMENT
bt_000449,2025-10-28,ROYAL MAIL BUSINESS,-12570.00,676451.79,Royal Mail,,SHIPPING
bt_000074,2025-10-29,SHOPIFY* 2591 PAYOUT REF#82974,64130.04,740581.83,Shopify,,PAYOUT
bt_000122,2025-10-31,SHOPIFY REFUND BATCH 897,-26642.25,713939.58,Shopify,,REFUND
bt_000146,2025-10-31,GOOGLE*ADS8749 CC@GOOGLE.COM,-23625.92,690313.66,Google,,MARKETING
bt_000170,2025-10-31,FB*ADS6269XK MENLO PARK,-23176.51,667137.15,Meta,,MARKETING
bt_000456,2025-11-01,SHOPIFY* SUB 39570,-79.00,667058.15,Shopify,,SAAS
bt_000462,2025-11-01,STANDING ORDER STUDIO N1 LDN,-3200.00,663858.15,Studio N1 Landlord,,RENT
bt_000457,2025-11-03,INTERCOM INC SF CA 73831,-199.00,663659.15,Intercom,,SAAS
bt_000458,2025-11-03,XERO LTD 36844,-42.00,663617.15,Xero,,SAAS
bt_000459,2025-11-03,NOTION LABS INC 56854,-24.00,663593.15,Notion Labs,,SAAS
bt_000460,2025-11-03,FIGMA INC 66855,-33.00,663560.15,Figma,,SAAS
bt_000461,2025-11-03,MIXVIEW ANALYTICS LTD 94602,-349.00,663211.15,Mixview Analytics,,SAAS
bt_000075,2025-11-05,SHOPIFY* 6251 PAYOUT REF#82975,66061.99,729273.14,Shopify,,PAYOUT
bt_000455,2025-11-05,SQ *KLAVIYO INC 1117 DUB,-291.61,728981.53,Klaviyo,,MARKETING
bt_000465,2025-11-11,PRET A MANGER,-5.05,728976.48,Pret A Manger,,OTHER
bt_000076,2025-11-12,SHOPIFY* 6480 PAYOUT REF#82976,78761.70,807738.18,Shopify,,PAYOUT
bt_000077,2025-11-19,SHOPIFY* 8565 PAYOUT REF#82977,87402.38,895140.56,Shopify,,PAYOUT
bt_000466,2025-11-24,TESCO EXPRESS,-4.53,895136.03,Tesco,,OTHER
bt_000454,2025-11-25,BACS PAYROLL 25NOV STAFF,-19080.54,876055.49,Pretty Fly Payroll,,PAYROLL
bt_000078,2025-11-26,SHOPIFY* 3422 PAYOUT REF#82978,78960.09,955015.58,Shopify,,PAYOUT
bt_000463,2025-11-28,HUB3PL LONDON N1 INVC4689,-12502.00,942513.58,Hub3PL,,FULFILMENT
bt_000464,2025-11-28,DHL EXPRESS IRL,-21432.00,921081.58,DHL,,SHIPPING
bt_000123,2025-11-30,SHOPIFY REFUND BATCH 898,-28894.24,892187.34,Shopify,,REFUND
bt_000147,2025-11-30,GOOGLE*ADS3037 CC@GOOGLE.COM,-29314.45,862872.89,Google,,MARKETING
bt_000171,2025-11-30,FB*ADS4071XK MENLO PARK,-28397.26,834475.63,Meta,,MARKETING
bt_000212,2025-12-01,SWIFT XFER PORTO KNIT CO. EUR,-57167.56,777308.07,Porto Knit Co.,,SUPPLIER
bt_000214,2025-12-01,SWIFT XFER MILANO TRIMS SRL EUR,-9024.99,768283.08,Milano Trims SRL,,SUPPLIER
bt_000469,2025-12-01,SHOPIFY* SUB 14359,-79.00,768204.08,Shopify,,SAAS
bt_000475,2025-12-01,STANDING ORDER STUDIO N1 LDN,-3200.00,765004.08,Studio N1 Landlord,,RENT
bt_000079,2025-12-03,SHOPIFY* 3750 PAYOUT REF#82979,211460.96,976465.04,Shopify,,PAYOUT
bt_000470,2025-12-03,INTERCOM INC SF CA 74657,-199.00,976266.04,Intercom,,SAAS
bt_000471,2025-12-03,XERO LTD 54357,-42.00,976224.04,Xero,,SAAS
bt_000472,2025-12-03,NOTION LABS INC 75081,-24.00,976200.04,Notion Labs,,SAAS
bt_000473,2025-12-03,FIGMA INC 42550,-33.00,976167.04,Figma,,SAAS
bt_000474,2025-12-03,MIXVIEW ANALYTICS LTD 95103,-349.00,975818.04,Mixview Analytics,,SAAS
bt_000479,2025-12-03,AMAZON MARKETPLACE,-10.84,975807.20,Amazon,,OTHER
bt_000468,2025-12-05,SQ *KLAVIYO INC 6584 DUB,-299.94,975507.26,Klaviyo,,MARKETING
bt_000478,2025-12-08,AMAZON MARKETPLACE,-4.14,975503.12,Amazon,,OTHER
bt_000480,2025-12-08,AMAZON MARKETPLACE,-7.32,975495.80,Amazon,,OTHER
bt_000080,2025-12-10,SHOPIFY* 5062 PAYOUT REF#82980,116097.65,1091593.45,Shopify,,PAYOUT
bt_000199,2025-12-10,SWIFT XFER MILANO TRIMS SRL EUR,-3916.50,1087676.95,Milano Trims SRL,,SUPPLIER
bt_000081,2025-12-17,SHOPIFY* 3023 PAYOUT REF#82981,70097.63,1157774.58,Shopify,,PAYOUT
bt_000082,2025-12-24,SHOPIFY* 9047 PAYOUT REF#82982,67622.81,1225397.39,Shopify,,PAYOUT
bt_000197,2025-12-25,SWIFT XFER PORTO KNIT CO. EUR,-12158.83,1213238.56,Porto Knit Co.,,SUPPLIER
bt_000467,2025-12-25,BACS PAYROLL 25DEC STAFF,-19012.43,1194226.13,Pretty Fly Payroll,,PAYROLL
bt_000476,2025-12-28,HUB3PL LONDON N1 INVC6122,-9523.50,1184702.63,Hub3PL,,FULFILMENT
bt_000477,2025-12-28,ROYAL MAIL BUSINESS,-16326.00,1168376.63,Royal Mail,,SHIPPING
bt_000083,2025-12-31,SHOPIFY* 1551 PAYOUT REF#82983,72396.72,1240773.35,Shopify,,PAYOUT
bt_000124,2025-12-31,SHOPIFY REFUND BATCH 899,-46421.18,1194352.17,Shopify,,REFUND
bt_000148,2025-12-31,GOOGLE*ADS9889 CC@GOOGLE.COM,-26498.75,1167853.42,Google,,MARKETING
bt_000172,2025-12-31,FB*ADS1753XK MENLO PARK,-32334.69,1135518.73,Meta,,MARKETING
bt_000483,2026-01-01,SHOPIFY* SUB 70373,-79.00,1135439.73,Shopify,,SAAS
bt_000489,2026-01-01,STANDING ORDER STUDIO N1 LDN,-3200.00,1132239.73,Studio N1 Landlord,,RENT
bt_000484,2026-01-03,INTERCOM INC SF CA 73481,-199.00,1132040.73,Intercom,,SAAS
bt_000485,2026-01-03,XERO LTD 40771,-42.00,1131998.73,Xero,,SAAS
bt_000486,2026-01-03,NOTION LABS INC 41099,-24.00,1131974.73,Notion Labs,,SAAS
bt_000487,2026-01-03,FIGMA INC 25210,-33.00,1131941.73,Figma,,SAAS
bt_000488,2026-01-03,MIXVIEW ANALYTICS LTD 99682,-349.00,1131592.73,Mixview Analytics,,SAAS
bt_000482,2026-01-05,SQ *KLAVIYO INC 3353 DUB,-308.27,1131284.46,Klaviyo,,MARKETING
bt_000084,2026-01-07,SHOPIFY* 8761 PAYOUT REF#82984,102983.84,1234268.30,Shopify,,PAYOUT
bt_000495,2026-01-07,TESCO EXPRESS,-7.61,1234260.69,Tesco,,OTHER
bt_000559,2026-01-07,HMRC VAT PAYMENT Q4 2025,-146042.09,1088218.60,HMRC,,OTHER
bt_000492,2026-01-12,WORKSHOP COFFEE,-3.62,1088214.98,Workshop Coffee,,OTHER
bt_000085,2026-01-14,SHOPIFY* 6099 PAYOUT REF#82985,81195.68,1169410.66,Shopify,,PAYOUT
bt_000493,2026-01-16,AMAZON MARKETPLACE,-8.44,1169402.22,Amazon,,OTHER
bt_000086,2026-01-21,SHOPIFY* 1032 PAYOUT REF#82986,68425.13,1237827.35,Shopify,,PAYOUT
bt_000494,2026-01-23,PRET A MANGER,-9.14,1237818.21,Pret A Manger,,OTHER
bt_000481,2026-01-25,BACS PAYROLL 25JAN STAFF,-18156.70,1219661.51,Pretty Fly Payroll,,PAYROLL
bt_000087,2026-01-28,SHOPIFY* 3386 PAYOUT REF#82987,68648.15,1288309.66,Shopify,,PAYOUT
bt_000490,2026-01-28,HUB3PL LONDON N1 INVC1453,-9457.00,1278852.66,Hub3PL,,FULFILMENT
bt_000491,2026-01-28,ROYAL MAIL BUSINESS,-16212.00,1262640.66,Royal Mail,,SHIPPING
bt_000125,2026-01-31,SHOPIFY REFUND BATCH 900,-32758.29,1229882.37,Shopify,,REFUND
bt_000149,2026-01-31,GOOGLE*ADS3369 CC@GOOGLE.COM,-25451.22,1204431.15,Google,,MARKETING
bt_000173,2026-01-31,FB*ADS1448XK MENLO PARK,-31215.45,1173215.70,Meta,,MARKETING
bt_000498,2026-02-01,SHOPIFY* SUB 36932,-79.00,1173136.70,Shopify,,SAAS
bt_000504,2026-02-01,STANDING ORDER STUDIO N1 LDN,-3200.00,1169936.70,Studio N1 Landlord,,RENT
bt_000499,2026-02-03,INTERCOM INC SF CA 36165,-199.00,1169737.70,Intercom,,SAAS
bt_000500,2026-02-03,XERO LTD 86406,-42.00,1169695.70,Xero,,SAAS
bt_000501,2026-02-03,NOTION LABS INC 10775,-24.00,1169671.70,Notion Labs,,SAAS
bt_000502,2026-02-03,FIGMA INC 38092,-33.00,1169638.70,Figma,,SAAS
bt_000503,2026-02-03,MIXVIEW ANALYTICS LTD 47419,-349.00,1169289.70,Mixview Analytics,,SAAS
bt_000508,2026-02-03,TESCO EXPRESS,-6.45,1169283.25,Tesco,,OTHER
bt_000088,2026-02-04,SHOPIFY* 5625 PAYOUT REF#82988,67358.00,1236641.25,Shopify,,PAYOUT
bt_000497,2026-02-05,SQ *KLAVIYO INC 2870 DUB,-316.60,1236324.65,Klaviyo,,MARKETING
bt_000507,2026-02-10,AMAZON MARKETPLACE,-7.85,1236316.80,Amazon,,OTHER
bt_000089,2026-02-11,SHOPIFY* 9710 PAYOUT REF#82989,53797.02,1290113.82,Shopify,,PAYOUT
bt_000509,2026-02-12,TESCO EXPRESS,-11.92,1290101.90,Tesco,,OTHER
bt_000090,2026-02-18,SHOPIFY* 9364 PAYOUT REF#82990,53430.40,1343532.30,Shopify,,PAYOUT
bt_000198,2026-02-23,SWIFT XFER PORTO KNIT CO. EUR,-12158.82,1331373.48,Porto Knit Co.,,SUPPLIER
bt_000200,2026-02-23,SWIFT XFER MILANO TRIMS SRL EUR,-3916.50,1327456.98,Milano Trims SRL,,SUPPLIER
bt_000091,2026-02-25,SHOPIFY* 9011 PAYOUT REF#82991,53673.55,1381130.53,Shopify,,PAYOUT
bt_000496,2026-02-25,BACS PAYROLL 25FEB STAFF,-18021.98,1363108.55,Pretty Fly Payroll,,PAYROLL
bt_000126,2026-02-28,SHOPIFY REFUND BATCH 901,-25146.62,1337961.93,Shopify,,REFUND
bt_000150,2026-02-28,GOOGLE*ADS1236 CC@GOOGLE.COM,-19124.04,1318837.89,Google,,MARKETING
bt_000174,2026-02-28,FB*ADS7819XK MENLO PARK,-22464.10,1296373.79,Meta,,MARKETING
bt_000505,2026-02-28,HUB3PL LONDON N1 INVC6360,-6996.50,1289377.29,Hub3PL,,FULFILMENT
bt_000506,2026-02-28,ROYAL MAIL BUSINESS,-11994.00,1277383.29,Royal Mail,,SHIPPING
bt_000512,2026-03-01,SHOPIFY* SUB 83388,-79.00,1277304.29,Shopify,,SAAS
bt_000518,2026-03-01,STANDING ORDER STUDIO N1 LDN,-3200.00,1274104.29,Studio N1 Landlord,,RENT
bt_000513,2026-03-03,INTERCOM INC SF CA 49744,-199.00,1273905.29,Intercom,,SAAS
bt_000514,2026-03-03,XERO LTD 21091,-42.00,1273863.29,Xero,,SAAS
bt_000515,2026-03-03,NOTION LABS INC 70267,-24.00,1273839.29,Notion Labs,,SAAS
bt_000516,2026-03-03,FIGMA INC 51883,-33.00,1273806.29,Figma,,SAAS
bt_000517,2026-03-03,MIXVIEW ANALYTICS LTD 53352,-349.00,1273457.29,Mixview Analytics,,SAAS
bt_000092,2026-03-04,SHOPIFY* 4146 PAYOUT REF#82992,99949.84,1373407.13,Shopify,,PAYOUT
bt_000511,2026-03-05,SQ *KLAVIYO INC 4771 DUB,-324.93,1373082.20,Klaviyo,,MARKETING
bt_000521,2026-03-08,AMAZON MARKETPLACE,-7.73,1373074.47,Amazon,,OTHER
bt_000093,2026-03-11,SHOPIFY* 9429 PAYOUT REF#82993,60733.06,1433807.53,Shopify,,PAYOUT
bt_000523,2026-03-15,AMAZON MARKETPLACE,-10.90,1433796.63,Amazon,,OTHER
bt_000522,2026-03-16,PRET A MANGER,-8.92,1433787.71,Pret A Manger,,OTHER
bt_000094,2026-03-18,SHOPIFY* 5249 PAYOUT REF#82994,62936.60,1496724.31,Shopify,,PAYOUT
bt_000095,2026-03-25,SHOPIFY* 7012 PAYOUT REF#82995,70022.34,1566746.65,Shopify,,PAYOUT
bt_000510,2026-03-25,BACS PAYROLL 25MAR STAFF,-18038.64,1548708.01,Pretty Fly Payroll,,PAYROLL
bt_000519,2026-03-28,HUB3PL LONDON N1 INVC5469,-7665.00,1541043.01,Hub3PL,,FULFILMENT
bt_000520,2026-03-28,DHL EXPRESS IRL,-13140.00,1527903.01,DHL,,SHIPPING
bt_000127,2026-03-31,SHOPIFY REFUND BATCH 902,-25700.41,1502202.60,Shopify,,REFUND
bt_000151,2026-03-31,GOOGLE*ADS7012 CC@GOOGLE.COM,-25080.21,1477122.39,Google,,MARKETING
bt_000175,2026-03-31,FB*ADS8747XK MENLO PARK,-29877.90,1447244.49,Meta,,MARKETING
bt_000096,2026-04-01,SHOPIFY* 4330 PAYOUT REF#82996,64282.47,1511526.96,Shopify,,PAYOUT
bt_000526,2026-04-01,SHOPIFY* SUB 26939,-79.00,1511447.96,Shopify,,SAAS
bt_000532,2026-04-01,STANDING ORDER STUDIO N1 LDN,-3200.00,1508247.96,Studio N1 Landlord,,RENT
bt_000535,2026-04-01,WORKSHOP COFFEE,-9.49,1508238.47,Workshop Coffee,,OTHER
bt_000527,2026-04-03,INTERCOM INC SF CA 94522,-199.00,1508039.47,Intercom,,SAAS
bt_000528,2026-04-03,XERO LTD 50741,-42.00,1507997.47,Xero,,SAAS
bt_000529,2026-04-03,NOTION LABS INC 57356,-24.00,1507973.47,Notion Labs,,SAAS
bt_000530,2026-04-03,FIGMA INC 29115,-33.00,1507940.47,Figma,,SAAS
bt_000531,2026-04-03,MIXVIEW ANALYTICS LTD 35541,-349.00,1507591.47,Mixview Analytics,,SAAS
bt_000525,2026-04-05,SQ *KLAVIYO INC 3197 DUB,-333.26,1507258.21,Klaviyo,,MARKETING
bt_000536,2026-04-06,TESCO EXPRESS,-6.50,1507251.71,Tesco,,OTHER
bt_000560,2026-04-07,HMRC VAT PAYMENT Q1 2026,-118960.30,1388291.41,HMRC,,OTHER
bt_000097,2026-04-08,SHOPIFY* 3907 PAYOUT REF#82997,67808.44,1456099.85,Shopify,,PAYOUT
bt_000098,2026-04-15,SHOPIFY* 8242 PAYOUT REF#82998,63653.45,1519753.30,Shopify,,PAYOUT
bt_000537,2026-04-19,TESCO EXPRESS,-8.06,1519745.24,Tesco,,OTHER
bt_000099,2026-04-22,SHOPIFY* 1255 PAYOUT REF#82999,61869.21,1581614.45,Shopify,,PAYOUT
bt_000524,2026-04-25,BACS PAYROLL 25APR STAFF,-18088.36,1563526.09,Pretty Fly Payroll,,PAYROLL
bt_000533,2026-04-28,HUB3PL LONDON N1 INVC3691,-7672.00,1555854.09,Hub3PL,,FULFILMENT
bt_000534,2026-04-28,DHL EXPRESS IRL,-13152.00,1542702.09,DHL,,SHIPPING
bt_000100,2026-04-29,SHOPIFY* 4955 PAYOUT REF#83000,64961.44,1607663.53,Shopify,,PAYOUT
bt_000128,2026-04-30,SHOPIFY REFUND BATCH 903,-29178.94,1578484.59,Shopify,,REFUND
bt_000152,2026-04-30,GOOGLE*ADS2793 CC@GOOGLE.COM,-24530.60,1553953.99,Google,,MARKETING
bt_000176,2026-04-30,FB*ADS1693XK MENLO PARK,-29303.30,1524650.69,Meta,,MARKETING
bt_000540,2026-05-01,SHOPIFY* SUB 67866,-79.00,1524571.69,Shopify,,SAAS
bt_000546,2026-05-01,STANDING ORDER STUDIO N1 LDN,-3200.00,1521371.69,Studio N1 Landlord,,RENT
bt_000552,2026-05-02,WORKSHOP COFFEE,-3.56,1521368.13,Workshop Coffee,,OTHER
bt_000541,2026-05-03,INTERCOM INC SF CA 91538,-199.00,1521169.13,Intercom,,SAAS
bt_000542,2026-05-03,XERO LTD 40851,-42.00,1521127.13,Xero,,SAAS
bt_000543,2026-05-03,NOTION LABS INC 29761,-24.00,1521103.13,Notion Labs,,SAAS
bt_000544,2026-05-03,FIGMA INC 71301,-33.00,1521070.13,Figma,,SAAS
bt_000545,2026-05-03,MIXVIEW ANALYTICS LTD 78284,-349.00,1520721.13,Mixview Analytics,,SAAS
bt_000549,2026-05-04,WORKSHOP COFFEE,-7.02,1520714.11,Workshop Coffee,,OTHER
bt_000539,2026-05-05,SQ *KLAVIYO INC 7908 DUB,-341.59,1520372.52,Klaviyo,,MARKETING
bt_000101,2026-05-06,SHOPIFY* 5761 PAYOUT REF#83001,72091.21,1592463.73,Shopify,,PAYOUT
bt_000550,2026-05-07,WORKSHOP COFFEE,-11.25,1592452.48,Workshop Coffee,,OTHER
bt_000102,2026-05-13,SHOPIFY* 9140 PAYOUT REF#83002,64413.13,1656865.61,Shopify,,PAYOUT
bt_000551,2026-05-17,TESCO EXPRESS,-4.60,1656861.01,Tesco,,OTHER
bt_000103,2026-05-20,SHOPIFY* 1533 PAYOUT REF#83003,55044.66,1711905.67,Shopify,,PAYOUT
bt_000538,2026-05-25,BACS PAYROLL 25MAY STAFF,-18101.85,1693803.82,Pretty Fly Payroll,,PAYROLL
bt_000104,2026-05-27,SHOPIFY* 2718 PAYOUT REF#83004,61332.10,1755135.92,Shopify,,PAYOUT
bt_000547,2026-05-28,HUB3PL LONDON N1 INVC3872,-7339.50,1747796.42,Hub3PL,,FULFILMENT
bt_000548,2026-05-28,ROYAL MAIL BUSINESS,-12582.00,1735214.42,Royal Mail,,SHIPPING
bt_000105,2026-05-31,SHOPIFY* 5559 PAYOUT REF#83005,61850.16,1797064.58,Shopify,,PAYOUT
bt_000129,2026-05-31,SHOPIFY REFUND BATCH 904,-29532.75,1767531.83,Shopify,,REFUND
bt_000153,2026-05-31,GOOGLE*ADS5706 CC@GOOGLE.COM,-24149.51,1743382.32,Google,,MARKETING
bt_000177,2026-05-31,FB*ADS3746XK MENLO PARK,-29380.87,1714001.45,Meta,,MARKETING
